@ONLINE{perez:Online,
  title={ Conjunto infinito: propiedades, ejemplos},
  author={R. PÃ©rez},
  url={https://www.lifeder.com},
  urldate={2020-03-27}
}
@article{profor,
  title={Los teoremas de incompletitud de G{\"o}del, teor{\'\i}a de conjuntos \hspace{4} y el programa de David Hilbert},
  author={Da Silva, Ricardo},
  journal={EPISTEME},
  volume={34},
  number={1},
  pages={19--40},
  year={2014},
  publisher={DESARROLLO CIENTIFICO Y HUMANISTICO DE LA UCVC FONACIT}
}
@phdthesis{izquierdo2003argumento,
  title={El Argumento Diagonal de Lawvere, el Teorema de Cantor y el Teorema de Incompletitud de G{\"o}del},
  author={Izquierdo, Lina Mar{\'\i}a Orozco},
  year={2003},
  school={Universidad Nacional}
}